@article{DBLP:journals/corr/abs-2007-13544,
  author    = {Noam Brown and
               Anton Bakhtin and
               Adam Lerer and
               Qucheng Gong},
  title     = {Combining Deep Reinforcement Learning and Search for Imperfect-Information
               Games},
  journal   = {CoRR},
  volume    = {abs/2007.13544},
  year      = {2020},
  url       = {https://arxiv.org/abs/2007.13544},
  eprinttype = {arXiv},
  eprint    = {2007.13544},
  timestamp = {Wed, 29 Jul 2020 15:36:39 +0200},
  biburl    = {https://dblp.org/rec/journals/corr/abs-2007-13544.bib},
  bibsource = {dblp computer science bibliography, https://dblp.org}
}